<record><leader>00000cas a22000007a 4500</leader><controlfield tag="001">13241149</controlfield><controlfield tag="008">860305d18871891wvuwr ne      0    0eng d</controlfield><datafield ind1=" " ind2=" " tag="010"><subfield code="a">sn 86092328 </subfield></datafield><datafield ind1=" " ind2=" " tag="040"><subfield code="a">WVC</subfield><subfield code="b">eng</subfield><subfield code="c">WVC</subfield><subfield code="d">DLC</subfield><subfield code="d">WVC</subfield><subfield code="d">OCL</subfield><subfield code="d">OCLCQ</subfield></datafield><datafield ind1=" " ind2=" " tag="042"><subfield code="a">msc</subfield></datafield><datafield ind1="0" ind2="0" tag="245"><subfield code="a">Grafton eagle-sentinel.</subfield></datafield><datafield ind1=" " ind2=" " tag="260"><subfield code="a">Grafton, W. Va. :</subfield><subfield code="b">Eagle Co.</subfield></datafield><datafield ind1=" " ind2=" " tag="300"><subfield code="a">v.</subfield></datafield><datafield ind1=" " ind2=" " tag="310"><subfield code="a">Weekly</subfield></datafield><datafield ind1="1" ind2=" " tag="362"><subfield code="a">Began in the of Fall, 1887.</subfield><subfield code="z">Cf. Grafton Eagle-Sentinel, Nov. 1, 1889.</subfield></datafield><datafield ind1="1" ind2=" " tag="362"><subfield code="a">Ceased in 1891?</subfield></datafield><datafield ind1=" " ind2=" " tag="588"><subfield code="a">Description based on: Vol. 2, no. 26 (Nov. 9, 1888).</subfield></datafield><datafield ind1=" " ind2=" " tag="752"><subfield code="a">United States</subfield><subfield code="b">West Virginia</subfield><subfield code="c">Taylor</subfield><subfield code="d">Grafton.</subfield></datafield><datafield ind1="0" ind2="4" tag="780"><subfield code="t">Grafton sentinel (Grafton, W. Va. : 1870 : Weekly)</subfield><subfield code="w">(DLC)sn 84026799</subfield></datafield><datafield ind1="0" ind2="4" tag="780"><subfield code="t">Grafton eagle</subfield><subfield code="w">(DLC)sn 86092327</subfield></datafield><datafield ind1="0" ind2="0" tag="785"><subfield code="t">Grafton sentinel (Grafton, W. Va. : 1891 : Weekly)</subfield><subfield code="w">(DLC)sn8609022329</subfield></datafield></record>